<?xml version="1.0" encoding="UTF-8"?><record xmlns="http://www.loc.gov/MARC21/slim" xmlns:cinclude="http://apache.org/cocoon/include/1.0" xmlns:zs="http://www.loc.gov/zing/srw/">
  <leader>00668nz  a2200133n  4500</leader>
  <controlfield tag="001">no2015005694</controlfield>
  <controlfield tag="003">DLC</controlfield>
  <controlfield tag="005">20150115073605.0</controlfield>
  <controlfield tag="008">150114n| azannaabn          |n aaa     c</controlfield>
  <datafield tag="010" ind1=" " ind2=" ">
    <subfield code="a">no2015005694</subfield>
  </datafield>
  <datafield tag="035" ind1=" " ind2=" ">
    <subfield code="a">(OCoLC)oca10061243</subfield>
  </datafield>
  <datafield tag="040" ind1=" " ind2=" ">
    <subfield code="a">InU</subfield>
    <subfield code="b">eng</subfield>
    <subfield code="e">rda</subfield>
    <subfield code="c">InU</subfield>
  </datafield>
  <datafield tag="100" ind1="1" ind2=" ">
    <subfield code="a">Alzoubi, Elham</subfield>
  </datafield>
  <datafield tag="670" ind1=" " ind2=" ">
    <subfield code="a">Alzoubi, Elham. Linguistic analysis of humor in Jordanian Arabic colloquial animated cartoon, 2012:</subfield>
    <subfield code="b">PDF title page (Elham Alzoubi; Ph. D., Department of Near Eastern Languages and Cultures, Indiana University, 2012) vita, page 1 (Master of Arts in English, Yarmouk University, Irbid, Jordan, 2006; Bachelor of Arts in English, Al Bayt University, Al Mafraq, Jordan, 2004)</subfield>
  </datafield>
</record>